
@article{ethics,
  title = {{Social Impacts of Computing: Codes of Professional Ethics}},
  author = {Ronald E. Anderson},
  doi = "10.1177/089443939201000402",
  journal = "Social Science Computer Review December",
  year = 1992,
  volume = 10,
  number = 4,
  pages = "453-469"
}

@MISC{WoW,
  title = {{World of Warcraft}},
  author = {{Blizzard Entertainment}},
  journal = "Social Science Computer Review December",
  year = 2004,
  organization = "[PC Computer, Online Game] Blizzard Entertainment",
  location = "Irvine USA: played 12 February 2010",

}


@TECHREPORT{template.1999,
AUTHOR          = "ACM",
TITLE           = "{ACM} {SIG} {PROCEEDINGS} template",
INSTITUTION     = "ACM",
ADDRESS         = "http://www.acm.org/sigs/
                   pubs/proceed/template.html",
YEAR            = 1999,
}


@ARTICLE{conger.1995,
AUTHOR          = "Conger, Sue          AND
                   Loch, Karen D.",
TITLE           = "Ethics and computer use",
JOURNAL         = "Communications of the {ACM}",
VOLUME          = 38,
MONTH           = dec,
YEAR            = 1995,
NUMBER          = 12,
PAGES           = "30--32",
}

@INPROCEEDINGS{mackay.1995,
AUTHOR          = "Mackay, W.E.",
TITLE           = "Ethics, lies and videotape...",
BOOKTITLE       = "Proceedings of {CHI} '95 (Denver CO)",
PUBLISHER       = "ACM Press",
MONTH           = may,
YEAR            = 1995,
PAGES           = "138--145",
}

@TECHREPORT{schwartz.1995,
AUTHOR          = "Schwartz, M.                 AND
                   {Task Force on Bias-Free Language}
                   AND 
                   {There was no third author, but I'm doing this because it was in the Word Doc}",
TITLE           = "Guidelines for Bias-Free Writing",
INSTITUTION     = "Indiana University",
PUBLISHER       = "Indiana University Press, Bloomington IN",
YEAR            = 1995,
}